
@article{cisco2018cisco,
  title={Cisco Visual Networking Index: Forecast and Trends, 2017--2022},
  journal={White Paper},
  year={2018}
}


@article{jurafsky2017dialog,
  title={Dialog systems and chatbots},
  author={Jurafsky, Daniel and Martin, James H},
  journal={Speech and language processing},
  volume={3},
  year={2017}
}

@article{li2018recurrent,
  title={Recurrent neural network language model adaptation for conversational speech recognition},
  author={Li, Ke and Xu, Hainan and Wang, Yiming and Povey, Daniel and Khudanpur, Sanjeev},
  journal={INTERSPEECH, Hyderabad},
  pages={1--5},
  year={2018}
}

@Article{PravoAkademia, 
    key = "INTERNET", 
    title = "\noopsort{INTERNET}{Т}ЕСТ. {Ш}проты [{Э}лектронный ресурс]", 
    publisher = "www.lindex.net", 
    date = "10.04.2007", year = 2007, 
    url = "--- Режим доступа: \url{http://www.academy.ualiberty.com/ru/goodsquality/details/174}, свободный.", 
    language = "russian, ukrainian, english"}



@article{fonarev2017riemannian,
  title={Riemannian optimization for skip-gram negative sampling},
  author={Fonarev, Alexander and Hrinchuk, Oleksii and Gusev, Gleb and Serdyukov, Pavel and Oseledets, Ivan},
  journal={arXiv preprint arXiv:1704.08059},
  year={2017}
}


@article{li2016deep,
  title={Deep reinforcement learning for dialogue generation},
  author={Li, Jiwei and Monroe, Will and Ritter, Alan and Galley, Michel and Gao, Jianfeng and Jurafsky, Dan},
  journal={arXiv preprint arXiv:1606.01541},
  year={2016}
}

@article{sharma2016natural,
  title={Natural language generation in dialogue using lexicalized and delexicalized data},
  author={Sharma, Shikhar and He, Jing and Suleman, Kaheer and Schulz, Hannes and Bachman, Philip},
  journal={arXiv preprint arXiv:1606.03632},
  year={2016}
}


@book{толкачев2019нейронное,
  title={Нейронное программирование диалоговых систем},
  author={Толкачев, Сергей},
  year={2019},
  publisher={Litres}
}



@article{carneiro2018performance,
  title={Performance Analysis of Google Colaboratory as a Tool for Accelerating Deep Learning Applications},
  author={Carneiro, Tiago and Da N{\'o}brega, Raul Victor Medeiros and Nepomuceno, Thiago and Bian, Gui-Bin and De Albuquerque, Victor Hugo C and Reboucas Filho, Pedro Pedrosa},
  journal={IEEE Access},
  volume={6},
  pages={61677--61685},
  year={2018},
  publisher={IEEE}
}


@article{creutz2018open,
  title={Open Subtitles Paraphrase Corpus for Six Languages},
  author={Creutz, Mathias},
  journal={arXiv preprint arXiv:1809.06142},
  year={2018}
}


@inproceedings{arcan2016asistent,
  title={Asistent--a machine translation system for Slovene, Serbian and Croatian},
  author={Arcan, Mihael and Popovic, Maja and Buitelaar, Paul and others},
  booktitle={Proceedings of the 10th Conference on Language Technologies and Digital Humanities, Ljubljana, Slovenia, September},
  year={2016}
}